@Book{dang:2002,
  author =    {Dang, Yumei and Kauffman, Louis H. and Sandin, Daniel},
  OPTeditor =    {},
  title =        {Hypercomplex Iterations: Distance Estimation and Higher Dimensional Fractals},
  publisher =    {World Scientific},
  year =         {2002},
  OPTkey =       {},
  volume =    {17},
  OPTnumber =    {},
  series =    {Knots and Everything},
  OPTaddress =   {},
  OPTedition =   {},
  OPTmonth =     {},
  OPTnote =      {},
  OPTannote =    {}
}

@Book{carleson:1993,
  author =    {Carleson, Lennart and Camelin, Theodore W.},
  editor =    {Ewing, J.H. and Gehrin, F.W. and Halmos, P.R.},
  title =        {Complex Dynamics},
  publisher =    {Spinger-Verlag},
  year =         {1993},
  OPTkey =       {},
  OPTvolume =    {},
  OPTnumber =    {},
  series =    {Universitext: Tracts in Mathematics},
  OPTaddress =   {},
  OPTedition =   {},
  OPTmonth =     {},
  OPTnote =      {},
  OPTannote =    {}
}

@Book{barnsley:1988,
  author =    {Michael F. Barnsley and Robert L. Devaney and Benoit B. Mandelbrot and Heinz-Otto Peitgen and Dietmar Saupe and Richard F. Voss},
  editor =    {Heinz-Otto Peitgen and Dietmar Saupe},
  title =        {The Science of Fractal Images},
  publisher =    {Spinger-Verlag},
  year =         {1988},
  OPTkey =       {},
  OPTvolume =    {},
  OPTnumber =    {},
  OPTseries =    {},
  OPTaddress =   {},
  OPTedition =   {},
  OPTmonth =     {},
  OPTnote =      {},
  OPTannote =    {}
}

@Book{gleick:1988,
  author =    {James Gleick},
  OPTeditor =    {},
  title =        {Chaos: making a new science},
  publisher =    {Penguin Books},
  year =         {1988},
  OPTkey =       {},
  OPTvolume =    {},
  OPTnumber =    {},
  OPTseries =    {},
  OPTaddress =   {},
  OPTedition =   {},
  OPTmonth =     {},
  OPTnote =      {},
  OPTannote =    {}
}

@inproceedings{Stoll2015ABI,
  title={A BRIEF INTRODUCTION TO COMPLEX DYNAMICS},
  author={Daniel C. Stoll and Hubert Cremer},
  year={2015}
}

@Misc{juliagpu,
author =   {David Bucciarelli},
title =    {JuliaGPU (v1.2)},
howpublished = {\url{http://davibu.interfree.it/opencl/juliagpu/juliaGPU.html}},
year = {2009}
}

@Article{rtqjs,
author = {John C. Hart and Daniel J. Sandin and Louis H. Kauffman},
title = {Ray Tracing Deterministic 3-D Fractals},
publisher = {Association for Computing Machinery},
journal = {SIGGRAPH Computer Graphics},
year = {1989},
volume = {23},
number = {3},
pages = {289--296},
month = {July},
doi = {doi.org/10.1145/74333.74363},
OPTnote = {}
}

@Misc{nylander,
  author = {Paul Nylander},
  title = {Hypercomplex Fractals},
  howpublished = {\url{http://www.bugman123.com/Hypercomplex/index.html}},
  note = {Accessed: 2023-02-10}
}

@Misc{codinginstinct,
  author = {Torkel Ã–degaard},
  title = {Raytracing 4D fractals, visualizing the four dimensional properties of the Julia set},
  howpublished = {\url{http://www.codinginstinct.com/2008/11/raytracing-4d-fractals-visualizing-four.html}},
  note = {Accessed: 2023-02-10}
}
